3660 4462
1648 227 1709 351 aa

116 401 283 505 eponae,
307 395 632 506 quemidmodttm
663 394 767 499 prius
781 411 877 489 erat
891 397 1102 502 insertum,
1125 419 1213 484 oum
1239 409 1554 499 antecedentibus
1580 433 1621 500 et
1645 445 1710 504 ses

82 544 87 553 ’
114 521 320 617 coenetur
339 521 759 616 misererem-nunc,
788 541 815 595 tt
840 518 1053 617 Welckero
1075 520 1184 601 illinc>
1195 528 1406 631 evulsum,
1440 534 1543 614 omni
1568 537 1709 621 vieini-

113 631 817 735 me5.derrttoton.-.teginus·‚rudos
841 658 879 713 v.
906 649 978 730 895
1003 635 1050 715 ad
1079 653 1174 737 896,
1210 637 1327 743 itaut
1349 672 1427 728 non
1452 655 1611 752 amplius
1637 626 1706 739 hol

114 751 297 863 boemus,
339 778 423 856 quo.
451 751 547 839 illud
562 749 666 859 „oden
698 751 899 837 referatur.
947 755 1089 854 Aeque
1108 755 1375 863 incommoda,
1418 782 1461 849 ut
1482 770 1572 851 milri
1593 773 1705 863 vide-t

107 873 542 979 gre,'„,ra‚tionessversus
562 878 682 963 ot‘et
708 870 758 945 ce
779 874 903 961 (vett.
939 869 1033 966 ed.)
1060 897 1109 952 ex
1131 874 1486 981 circumscriptione
1514 893 1704 986 prooemii.

108 998 259 1095 ejectus
276 985 633 1090 enulatlyelclrero
657 985 933 1087 jubenteinde
960 1016 992 1067 a.
1021 1014 1057 1069 v.
1088 1006 1155 1097 88!
1188 1035 1239 1057 --
1265 1011 1349 1087 882.
1399 1001 1567 1084 Accedit
1597 1009 1705 1105 quod.

105 1108 328 1214 Hesychius
349 1103 659 1211 -et-Tltemistius
691 1128 825 1183 versus
849 1104 1031 1202 quosdam
1063 1104 1110 1184 ad
1135 1107 1385 1214 Polypaedam
1412 1116 1568 1197 omuino
1592 1123 1705 1215 The,

111 1227 236 1332 ognid'r
258 1227 432 1307 tribuunt
456 1225 565 1302 nullo
586 1219 782 1319 variorum
808 1239 1029 1318 poematum
1055 1222 1271 1307 discrimine
1296 1228 1522 1333 significato,
1545 1253 1586 1324 et
1610 1264 1705 1339 pro..

64 1398 71 1403 -
102 1352 215 1447 ..fecto
241 1343 345 1422 inter
370 1341 509 1441 ambo,
548 1339 578 1419 si
599 1337 687 1424 ‚duo
710 1335 944 1440 extitissent,
988 1364 1149 1420 necesse
1172 1343 1302 1425 fuisset
1326 1347 1533 1431 interesset
1559 1354 1704 1455 aliquid

110 1465 195 1551 sive
218 1457 468 1557 udillorumt.
475 1454 672 1553 materiam
701 1471 739 1536 et
768 1453 968 1536 consilium
993 1457 1074 1536 sive
1102 1456 1148 1536 ad
1163 1457 1349 1545 'dictionis
1374 1467 1558 1548 rationem
1585 1473 1703 1570 perti..

108 1606 221 1682 nens,
244 1573 790 1683 sedripserdicit.Welckerus:
815 1597 939 1670 „quae
960 1573 1192 1676 Polypaedae
1215 1605 1360 1660 nomen
1385 1607 1476 1681 prae
1503 1609 1546 1664 se
1570 1589 1701 1671 ferunt

107 1697 338 1797 sententiae,
353 1693 716 1790 conveniunt-eum
743 1688 999 1787 Theognideis
1022 1692 1242 1792 quibusdam
1267 1694 1314 1773 ad
1332 1701 1540 1786 C·yrnum.“
1569 1708 1702 1806 Quor.

110 1842 194 1905 sunt
221 1839 319 1896 vero
343 1811 435 1893 duas
456 1807 626 1925 ejusdem
653 1805 864 1905 argumenti
891 1809 1149 1908 gnomologias
1178 1809 1393 1892 condiderit
1415 1822 1550 1917 poeta,
1575 1825 1702 1903 multo.

89 1936 233 2025 minus
256 1929 501 2030 intelligitur,
531 1948 642 2026 quam
668 1921 872 2003 verisimile
898 1939 978 2021 est,
1020 1924 1187 2006 eundem
1211 1931 1340 2027 plures
1365 1928 1475 2034 simul
1498 1935 1698 2019 familiares

106 2040 322 2133 allocutum-
340 2072 452 2144 esse,
480 2038 679 2153 vimprimis
704 2063 822 2139 quum
857 2064 973 2138 supra
996 2038 1427 2145 demonstraverimus,
1454 2048 1501 2127 ad
1528 2055 1698 2149 Cyrnum

108 2165 361 2255 cummaxime
388 2183 649 2258 nec-unquam
670 2156 887 2253 inscriptam
907 2154 1018 2234 luisse
1044 2157 1090 2233 ab
1115 2175 1272 2240 auctore
1298 2187 1369 2241 nec
1392 2189 1413 2242 a
1435 2162 1543 2244 nobis
1566 2167 1713 2249 inseria·
1772 2248 1775 2253 .

61 2284 79 2325 ‘'
107 2284 274 2381 herdam
298 2306 393 2371 esse·
409 2274 695 2377 Theognideam
718 2268 1020 2369 gnomologiam,
1042 2275 1082 2348 in
1107 2298 1179 2370 qua
1205 2300 1320 2372 quum
1345 2284 1488 2360 nullam
1507 2285 1698 2366 sententi-

66 2493 70 2497 ,
106 2420 215 2481 mm
241 2386 785 2477 continuationeminveniret
811 2387 1058 2473 walmes-us,
1085 2402 1261 2475 tanquam
1289 2393 1418 2480 quinta
1441 2399 1589 2474 ratione
1615 2423 1699 2477 mo.

68 2532 169 2598 -tus
185 2532 298 2595 novo
323 2501 460 2587 ordine
487 2489 681 2596 disposuit.
701 2526 718 2535 ··
794 2546 798 2551 ι
1643 2490 1645 2495 ’

113 2766 140 2827 .·
208 2742 287 2832 Sed
313 2738 424 2824 etiem
452 2730 529 2815 hoc
549 2732 624 2832 jam
644 2748 760 2825 supra
778 2718 1045 2817 indicavimus,
1075 2724 1214 2823 talem,
1245 2727 1363 2828 qualis
1389 2734 1523 2816 abillo
1549 2734 1696 2827 deside·

107 2875 273 2962 seretur,
296 2878 439 2939 nexum
462 2852 514 2931 ibi
535 2871 615 2945 non
640 2866 723 2924 esse
746 2835 1008 2940 quaerendum
1033 2837 1148 2940 idque
1169 2867 1241 2941 pro
1260 2862 1393 2942 natura
1407 2876 1571 2952 poeseos
1586 2884 1698 2958 prae.

109 2979 285 3087 cipientis
318 2969 537 3075 etquidem
571 2957 838 3077 sententiosae.
886 2959 1020 3058 Quare
1046 2981 1163 3056 quum
1191 2985 1270 3041 non
1301 2967 1490 3049 concedat
1512 2949 1705 3056 Wel'ckess

110 3129 199 3202 ms,
240 3111 284 3178 ut
318 3092 408 3192 ipsa
422 3076 656 3182 Theognidis
679 3072 898 3175 γνωμολογίαι
930 3071 970 3150 in
996 3074 1064 3152 hac
1091 3098 1200 3155 causa
1227 3082 1406 3179 exemplo
1432 3083 1503 3182 sit,
1544 3101 1626 3167 tum
1649 3092 1697 3173 ad

100 3213 271 3306 Hesiodi
292 3215 398 3310 Opp.
423 3219 465 3284 et
478 3208 525 3282 D.
550 3215 830 3299 provocemus,
853 3187 904 3268 de
930 3214 1092 3289 quorum
1114 3211 1340 3293 argumento
1364 3212 1438 3276 tam
1464 3201 1575 3283 uberi
1601 3209 1697 3308 jam.

112 3348 184 3460 ja‘m
201 3329 448 3417 mentionem
470 3315 654 3412 fecimus,
694 3305 846 3390 tumad
875 3308 1054 3386 Solonem
1081 3325 1308 3409 ceterosque
1333 3314 1560 3420 gnomicos,
1599 3338 1702 3422 quos¹

114 3461 269 3546 dicunt,
307 3450 547 3527 Graecorum
574 3445 743 3533 poetas,-
759 3443 837 3506 tum
863 3421 911 3502 ad
938 3423 1108 3527 Dionysii
1130 3429 1280 3508 Catonis
1311 3429 1471 3512 disticha
1497 3432 1548 3516 de
1575 3441 1697 3520 Mori·

115 3578 194 3655 bus-
215 3569 262 3654 ad
295 3563 441 3659 filium,
491 3550 714 3655 quibuscum
743 3538 845 3623 haud
882 3564 969 3619 raro
1006 3559 1094 3623 sunt
1126 3544 1249 3625 editae
1281 3547 1326 3626 L.
1351 3549 1500 3651 Annaei
1527 3544 1697 3636 senecae

116 3705 181 3773 et*³
195 3689 235 3767 P.
273 3679 357 3786 Syri
390 3669 498 3761 utini
539 3668 744 3769 singulares
768 3654 1012 3743 sententiae·
1082 3663 1152 3742 Cui
1187 3686 1283 3743 vero
1325 3665 1437 3750 hasce
1471 3668 1560 3747 hinc
1591 3669 1695 3749 illinc

114 3808 314 3899 collectas,
339 3793 411 3878 etsi
433 3789 539 3874 vario
555 3782 672 3869 modo
699 3781 780 3861 illas
807 3772 1048 3858 excudendas
1071 3795 1251 3862 curarunt
1266 3778 1446 3882 editores,
1471 3782 1581 3863 aliter
1603 3808 1696 3867 cou-
1768 3834 1772 3839 -

116 3929 279 4029 jungere
317 3909 475 4009 contigit
513 3906 734 4003 hucusque,
779 3922 893 3997 quarn
933 3888 1067 3974 ordine
1101 3895 1351 3978 elementari?
1424 3897 1568 3978 Exinde
1603 3927 1698 3987 veto
1809 3958 1812 3963 ·

117 4043 269 4141 perjures
305 4023 501 4136 cuiusdam
535 4043 668 4123 monus
688 4009 938 4119 ,sedulitatem
978 4032 1199 4112 cognoscas.
1249 4010 1357 4097 Idem
1392 4013 1468 4198 ἰὶίἑι
1494 4016 1696 4127 Dionysius
