3660 4462
172 363 274 449 aliis
278 358 421 459 aliquot
446 346 692 453 scriptoribus
716 278 872 437 orrens
888 334 999 427 edito
1019 338 1188 450 04750),
1216 342 1428 433 sententias
1454 350 1613 449 nostras
1630 370 1768 457 anqqq

175 498 290 579 atque
305 493 453 567 cetera,
471 491 569 570 quae
585 465 651 540 illo
670 459 768 539 libro
786 454 1054 548 continentur,
1076 459 1255 557 opuscula
1275 456 1400 539 divisit
1415 461 1643 567 singulisque
1660 466 1763 569 capis

176 596 282 678 tibus
296 604 571 691 argumentum
593 575 815 707 praemisit,
837 586 1037 673 postquam
1072 576 1313 673 seberus,
1331 580 1437 677 cujus
1453 578 1567 659 editio
1592 582 1765 685 primum

58 785 61 793 ,
179 711 326 813 prodiit
344 732 448 787 anno
466 704 591 794 0603,
605 691 873 775 sententiarum
901 688 1080 767 titulos
1105 688 1165 769 ad
1189 707 1404 773 mentem
1427 698 1768 803 commentati
1774 766 1778 771 .

174 854 271 911 uum
297 824 413 903 Phil.
436 818 599 897 Mela
595 807 862 903 00000000,
887 805 1052 911 ]οο00.
1070 809 1348 891 camerarii
1371 825 1436 903 00,
1447 806 1596 919 Μίοο·
1616 818 1766 895 Neatt

175 943 251 1031 dri
277 929 645 1018 conformatos
635 954 675 1009 00
691 925 880 1027 margine,
909 947 961 1001 ne
986 947 1168 1007 versuum
1195 926 1316 1007 series
1333 906 1678 1035 000000010000000,
1700 953 1774 1011 00·-

178 1056 386 1141 recundiu's
417 1061 657 1153 apposuerat.
722 1043 856 1149 Quin,
880 1037 1033 1121 illorum
1065 1046 1284 1139 exemplum
1316 1040 1520 1127 editiones
1534 1064 1615 1127 tum
1636 1049 1777 1153 plures

182 1177 279 1259 aliae
303 1191 386 1255 tum
408 1167 543 1255 ultimo
572 1156 833 1257 Lindneri,
856 1156 1011 1237 scholae
1034 1157 1309 1241 dunstadiensis
1335 1158 1544 1243 Directoris
1561 1162 1778 1265 quondamq-

182 1318 284 1377 anno
305 1286 466 1371 demum·
489 1288 589 1363 0800
609 1278 794 1381 publicata
813 1291 970 1354 secutae
989 1291 1097 1373 sunt,
1114 1277 1225 1355 simul
1241 1292 1288 1361 000
1300 1274 1355 1357 sic
1373 1276 1564 1361 discentes
1585 1279 1710 1361 statim
1730 1279 1773 1359 in

181 1421 400 1505 conspectu
425 1403 645 1494 haberent,.
666 1397 778 1494 quale
793 1394 838 1473 ab
855 1407 1014 1473 auctore
1038 1411 1309 1493 exponeretur·
1323 1413 1603 1493 argumentum:
1655 1392 1773 1501 Sedii

177 1544 344 1625 quoque
359 1519 616 1617 interpretes,.
634 1537 803 1614 quorum
815 1535 938 1610 opera·
956 1532 1040 1589 non¹
1060 1533 1109 1590 eo
1136 1534 1266 1611 usque·
1281 1506 1569 1613 descenderet„
1597 1506 1643 1595 tit
1662 1508 1779 1625 pubis

178 1637 442 1721 scholasticae
463 1630 678 1713 commodis·
695 1626 928 1729 Theognidis
956 1626 1127 1706 carmina
1140 1625 1503 1727 accommodarem,
1519 1625 1608 1729 pari
1620 1628 1781 1733 0000000

189 1778 272 1853 quo
286 1751 403 1847 magis
431 1746 608 1829 interiori
622 1750 787 1825 omnino*
800 1763 839 1825 et
853 1742 1002 1823 veriori
1020 1741 1174 1823 illorum
1195 1742 1472 1845 intelligentiae·
1490 1742 1783 1855 00000ρί000000.

115 1911 123 1922 ·
189 1865 403 1949 intervallis
423 1863 649 1966 quibusdem
675 1858 1002 1941 intercedentibus
1023 1883 1073 1937 ea·
1092 1856 1236 1939 excudi?
1248 1864 1409 1961 jussere:
1458 1865 1541 1961 lta·‚.
1560 1887 1670 1963 quam
1692 1862 1778 1961 qui·-

189 1986 289 2071 oen·
311 1982 483 2065 notitiam
504 1979 595 2084 ipsis
613 1978 844 2073 adversariis·
858 1976 1024 2079 partibus
1053 1992 1250 2077 acceptam
1270 1974 1496 2079 0000000000,-
1520 1980 1558 2059 in
1588 1977 1785 2086 excerptis·

191 2122 241 2185 ex
267 2100 503 2202 Theognide
522 2095 683 2181 annexis·
704 2091 930 2179 Callimachi
949 2088 1110 2177 editioni
1124 2086 1375 2175 Londiniensi
1400 2094 1493 2177 anni}
1513 2117 1639 2199 00000,
1640 2118 1784 2201 Ι0000000·

181 2217 391 2295 ·Τοοο0000
402 2220 640 2312 0000000000,
655 2212 839 2290 Richardi
853 2240 901 2289 ex
916 2214 1033 2289 fratre
1054 2229 1270 2309 nepotem,
1294 2228 1498 2293 auctorem
1512 2214 1656 2311 habere
1652 2231 1780 2312 prae·-

194 2344 261 2413 ter·
295 2351 393 2424 eos,
429 2348 553 2421 000000..
569 2326 683 2407 Μ’.
728 2318 932 2409 wolfius
920 2344 985 2409 ln
998 2319 1211 2415 Analectis
1249 2316 1451 2401 Literariis
1471 2326 1515 2402 t
1543 2330 1607 2403 43.
1631 2304 1787 2421 laudan·

179 2444 349 2545 ,anglus
376 2432 589 2518 ostendit
579 2458 634 2513 00.
656 2432 805 2509 Museo·
834 2426 989 2507 Critico
1023 2430 1087 2520 (s.
1128 2408 1287 2507 critical
1315 2423 1557 2515 Researches
1580 2438 1629 2516 ll.
1667 2436 1781 2539 150.)

199 2546 523 2653 cantabrigiensi,
560 2544 782 2627 sententiae
811 2540 1046 2661 plurimae'
1035 2564 1081 2619 00
1112 2537 1330 2623 carminum
1366 2544 1590 2683 longiorum
1620 2546 1788 2635 sormam·

184 2671 407 2771 distinctae
437 2678 557 2762 sunt,-
588 2654 714 2763 qood
729 2675 854 2738 tamen
886 2654 1104 2738 institutum
1133 2656 1277 2755 partim·
1305 2661 1480 2761 pessime
1492 2667 1660 2753 cessisse
1676 2668 1788 2765 idem·

187 2794 272 2877 ΙΙ010
313 2782 492 2868 omnium
535 2772 826 2862 recentissimus
862 2773 1000 2909 operis
1056 2770 1302 2875 Megarensis
1340 2797 1504 2865 00000οο0
1553 2787 1757 2875 contendit
1765 2783 1790 2897 ,ζ

185 2902 392 3014 quamvis
388 2898 539 2993 0οἅ000
566 2893 873 2987 Brunckium
903 2893 1072 2975 ratione
1085 2914 1203 2979 usum
1233 2916 1328 2985 esse
1357 2893 1487 3001 sciat,
1525 2896 1596 3003 qui·
1616 2908 1791 3011 Argona-

188 3021 322 3109 0000οῖ-
348 3044 457 3104 auno
488 3021 599 3100 17004
620 3014 679 3097 its
708 3010 902 3117 praelatus
928 3025 1010 3093 est:
1065 3014 1291 3115 „Quattuor
1323 3013 1491 3099 codices-
1521 3016 1792 3107 Bibliothecae·

184 3140 352 3245 -ttegtae
366 3131 530 3236 contuli,
555 3153 723 3237 quorum
743 3127 789 3211 irr
806 3128 932 3213 tribus
950 3128 1167 3213 sententiae
1188 3124 1280 3213 lere
1295 3126 1350 3212 ad'
1357 3126 1524 3215 eundern
1532 3134 1691 3221 modium·
1712 3139 1786 3223 dis·

183 3256 354 3342 ’000000
367 3270 484 3355 sunt,
498 3274 584 3353 quo
599 3251 644 3330 in
662 3249 748 3329 hoc·
766 3248 909 3328 libello
960 3247 1145 3348 Singulae
1170 3249 1271 3328 vel·
1258 3270 1306 3328 00
1328 3251 1460 3351 capite
1476 3252 1628 3337 halient
1634 3249 1792 3340 literam·

186 3370 487 3479 majusculam
476 3363 672 3477 miniatum
688 3367 760 3447 vel
776 3362 894 3463 ii'tera
909 3363 974 3445 illa
993 3380 1132 3469 sprent
1151 3383 1285 3445 vacuo
1298 3363 1443 3449 relicto
1461 3372 1637 3481 00000002·
1627 3367 1701 3451 ubi
1716 3396 1786 3471 pe·

184 3482 353 3587 {montis
368 3481 592 3588 calligraphi
616 3488 737 3577 mauu
763 3479 1008 3597 pingenda.
978 3454 1123 3577 ‘etatl'i't
1140 3460 1304 3615 Neque
1321 3466 1481 3609 silentio
1502 3484 1584 3565 'est-
1593 3487 1678 3587 hoc·
1697 3490 1796 3573 loco

186 3598 560 3736 praetereundum,
579 3582 839 3703 limantium
847 3596 1125 3701 quantumvis
1104 3586 1312 3702 00000000
1320 3594 1423 3701 eius
1424 3584 1485 3703 00
1500 3582 1639 3738 qerliis·
1655 3630 1786 3691 emen·

114 3766 120 3773 ·
185 3718 343 3807 doridis
362 3715 636 3847 mutandisque
651 3740 719 3801 ars·
735 3732 781 3800 et
796 3712 949 3835 cupido
961 3714 1118 3822 000000,
1132 3720 1307 3819 tamen,
1331 3729 1513 3819 0000000000·
1535 3720 1691 3859 viuum,
1722 3721 1794 3825 qut

206 3854 286 3923 tuo
298 3850 492 3951 00000000·
505 3831 571 3919 his·
583 3836 646 3920 de
662 3835 779 3920 reios
800 3844 975 3919 summus
992 3830 1118 3935 000000·
1128 3834 1319 3937 0000000,
1332 3834 1551 3921 mutans*
1570 3840 1705 3977 animis
1720 3838 1795 3922 de·-

185 3945 297 4040 *suo
311 3948 368 4037 ad
382 3934 601 4191 Guondoup
616 3948 793 4041 0000000
806 3944 1023 4079 0000000000
990 3942 1414 4124 0000500

1186 3964 1414 4103 ΝΛΜ
