3660 4462
65 371 232 473 optim,
255 361 585 474 quemamodum
611 360 825 466 priussserat
839 362 1050 466 insertum,
1074 382 1162 448 cum
1188 372 1502 476 antecedentibus
1528 394 1570 461 et
1593 406 1658 465 sea

33 490 269 586 :questibus
285 489 707 583 „cohaererem-inuno,
737 507 764 561 a
789 484 1002 577 Welclrero
1024 484 1130 565 illinc
1143 490 1355 593 evulsum,
1388 496 1492 575 omni
1517 498 1665 581 vicinia

61 596 766 702 taneadenitutum.legimus-..indes
790 623 828 678 v·
855 614 926 695 895
952 599 999 680 ad
1028 617 1124 701 8962
1159 601 1210 681 ita
1230 621 1276 705 ⁴ut
1298 634 1376 690 non
1401 616 1560 714 amplius
1586 584 1655 699 na}

62 720 244 831 bamus,
288 746 372 824 quo.
400 715 615 827 illudo-ian
647 716 848 803 referatur.
896 720 1038 818 Aeque
1057 719 1324 825 incommoda,
1367 743 1410 811 ut
1431 732 1521 812 mini
1542 733 1654 825 videt

56 841 332 947 ura,'„,ra‚tione'
347 861 491 939 ,versus
510 845 631 937 stet
657 836 707 911 2‘6
728 840 852 927 (vett.
889 833 982 930 ed.)
1008 861 1059 916 ex
1081 837 1436 943 circumscriptione
1463 853 1654 948 prooemii,

57 967 208 1064 eiectus
225 952 583 1057 euulatwlyelclrcro
606 950 882 1053 jubenteinde
906 980 942 1053 a.
971 978 1006 1033 v.
1037 970 1104 1061 88t
1137 998 1188 1021 ·-
1215 974 1299 1049 882.
1348 963 1516 1045 Accedit
1547 970 1654 1067 quod·
1794 974 1798 983 '

54 1076 278 1183 Hesychius
299 1092 352 1156 -et
373 1071 621 1177 Themistius
640 1094 774 1149 versus
799 1069 980 1168 quosdam
1013 1068 1059 1148 ad
1085 1070 1335 1177 Polypaedam
1361 1078 1517 1159 omuino
1542 1085 1654 1175 The,
1699 1134 1701 1138 -

60 1195 185 1301 pg‘pidi
208 1196 382 1275 tribuunt
406 1191 514 1269 nullo
536 1186 732 1284 uariorum
758 1204 978 1284 poematum
1005 1186 1220 1270 discrimine
1246 1190 1472 1296 significato,
1495 1215 1536 1285 et
1560 1224 1655 1300 pro,

23 1368 26 1372 -
52 1321 165 1417 {ectu
191 1311 294 1391 inter
319 1308 459 1409 ambo,
498 1305 528 1386 si
557 1304 636 1386 duo
659 1301 894 1405 extitissent,
938 1328 1098 1385 necesse
1122 1307 1252 1388 fuisset
1276 1309 1483 1393 interesset
1502 1291 1654 1417 aliquid,

60 1434 145 1519 siue
168 1426 418 1523 additurum...
426 1421 623 1521 materiam
651 1437 690 1500 et
718 1419 917 1501 consilium
943 1422 1024 1500 sive
1052 1419 1098 1500 ad
1113 1421 1299 1507 'dictionis
1325 1428 1508 1510 rationem
1535 1435 1650 1533 perti·

58 1574 171 1651 nens,
194 1545 273 1637 sed
285 1544 371 1648 ipse
381 1539 740 1650 adicitWelckerus:
765 1562 889 1636 „quae
910 1537 1142 1640 P-olypaedae
1165 1567 1310 1623 nomen
1335 1569 1427 1643 prae
1454 1571 1496 1625 se
1520 1550 1651 1633 ferunt

14 1706 17 1711 ·
57 1660 667 1765 sententiae,,conveniunt-cum
693 1653 949 1753 Theognideis
972 1656 1192 1756 quibusdam
1218 1657 1265 1736 ad
1282 1663 1490 1749 Cyrnum.“
1520 1670 1652 1767 Quor.

60 1811 145 1895 sum
170 1808 269 1865 vero
294 1779 386 1860 duas
406 1773 576 1891 ejusdem
604 1770 814 1871 argumenti
841 1772 1099 1872 gnomologias
1128 1773 1344 1854 condiderit
1366 1784 1500 1880 poeta,
1525 1785 1653 1864 rnulto.

40 1905 184 1993 minus
207 1897 451 1998 intelligitur,
481 1914 593 1993 quam
619 1887 822 1968 verisimile
849 1904 928 1987 est,
971 1890 1138 1971 eundem
1161 1893 1290 1990 plures
1315 1892 1426 1975 simul
1449 1897 1649 1980 familiares

57 2023 273 2101 allocutum·
290 2040 403 2112 esse,
437 2004 630 2110 imprimis
654 2030 772 2105 quum
807 2029 924 2103 supra
947 2003 1378 2108 demonstraverimus,
1405 2009 1452 2088 ad
1479 2017 1649 2111 Cyrnum
1773 2052 1776 2057 ,

59 2134 312 2226 cummaxime
339 2149 600 2226 nec-unquam
621 2122 837 2218 inscriptam
858 2119 969 2198 fuisse
995 2121 1041 2197 ab
1066 2137 1223 2229 auctore
1249 2150 1320 2203 uec
1343 2150 1364 2203 a
1386 2124 1494 2205 nobis
1517 2128 1665 2210 inseria-

58 2252 225 2349 bssendem
240 2274 344 2340 esse·
359 2241 647 2344 Theognideam
669 2233 970 2334 gnomologiam,
994 2239 1033 2313 in
1058 2262 1130 2334 qua
1156 2263 1271 2336 quum
1296 2246 1438 2322 nullam
1458 2246 1649 2327 sententi-

58 2390 167 2449 arum
192 2351 737 2445 continuationeminveniuet
762 2351 1009 2436 wele-uerus,
1036 2365 1212 2439 tanquam
1240 2354 1369 2442 quinta
1392 2360 1540 2435 ratione
1566 2385 1650 2438 mo·

21 2540 31 2547 -
60 2501 121 2567 tus
137 2501 249 2564 novo
274 2469 411 2555 ordine
438 2454 632 2562 disposuit.
652 2492 669 2501 ··
743 2510 751 2517 .

14 2792 19 2799 .
66 2734 92 2795 ,ἓ
160 2707 376 2801 sedetiam
404 2701 481 2783 hoc
501 2697 575 2798 jam
596 2701 711 2791 supra
730 2680 996 2780 indicavimus,
1026 2687 1166 2788 talem,
1196 2689 1314 2790 qualis
1341 2695 1475 2778 abillo
1500 2695 1648 2786 deside.

60 2844 224 2930 caretur,
248 2844 396 2906 uerum·
415 2819 467 2898 ibi
487 2837 567 2894 non
592 2832 674 2890 esse
698 2799 960 2905 quaerendum
985 2800 1100 2903 idque
1121 2831 1193 2904 pso
1212 2825 1345 2905 natura
1359 2838 1523 2914 poeseos
1538 2846 1649 2920 prae·

62 2947 238 3055 cipientis
271 2936 489 3042 etquidem
523 2923 790 3043 sententiosae.
838 2923 972 3022 Quare
999 2945 1115 3019 quum
1143 2949 1222 3003 non
1252 2929 1442 3010 concedat
1464 2909 1657 3018 melete(

63 3098 152 3170 ms,
192 3079 236 3146 ut
270 3059 360 3159 ipsa
374 3042 608 3148 Theognidis
631 3037 850 3141 γνωμολογίαι
883 3034 922 3115 in
948 3037 1017 3115 hac
1043 3061 1152 3118 causa
1180 3044 1358 3141 exemplo
1384 3044 1455 3143 sit,
1497 3062 1579 3127 tum
1601 3053 1649 3133 ad

52 3181 223 3275 Hesiodi
244 3182 351 3276 opp.
376 3185 418 3250 et
430 3174 478 3248 D.
502 3181 782 3266 provocemus,
806 3151 856 3232 de
882 3179 1045 3253 quorum
1066 3173 1292 3255 argumento
1316 3174 1391 3237 tam
1417 3162 1527 3243 uberi
1553 3168 1649 3268 jam.

64 3318 137 3429 ja'tn
153 3297 401 3386 ,mentionem
423 3280 608 3377 fecimus,
646 3290 726 3355 tum
741 3269 798 3351 ed
828 3271 1007 3350 Solonem
1034 3288 1261 3370 ceterosque
1286 3275 1512 3380 gnomicos,
1552 3296 1655 3383 quos‘

67 3429 222 3514 dicunt,
260 3417 499 3494 Graecorum
526 3410 696 3499 poetas,¹
711 3408 790 3471 tum
816 3384 863 3466 ad
890 3387 1060 3490 Dionysii
1083 3391 1233 3470 Catonis
1264 3390 1424 3473 disticha
1450 3393 1500 3477 de
1527 3401 1650 3484 Mori,-

68 3547 147 3624 bus·
168 3537 215 3620 ad
248 3529 394 3625 filium,
444 3515 667 3622 quibuscum
696 3503 798 3589 haud
834 3527 921 3582 raro
959 3522 1047 3586 sunt
1079 3506 1202 3588 editae
1235 3508 1278 3588 L.
1304 3511 1453 3611 Annaei
1479 3506 1649 3597 Senecae

69 3674 127 3741 et⁴
148 3657 188 3736 P.
226 3647 310 3754 Syri
343 3637 452 3727 Mimi
492 3634 697 3734 singulares
721 3618 965 3708 sententiae.
1035 3625 1104 3705 Cui
1139 3649 1236 3705 vero
1279 3627 1390 3710 hasce
1424 3629 1512 3708 hinc
1543 3629 1648 3709 illinc

68 3776 267 3867 collectas,
293 3759 364 3845 etsi
386 3754 493 3841 vario
509 3749 626 3834 modo
651 3746 733 3827 illas
760 3738 1000 3823 excudendas
1023 3759 1204 3824 curarunt
1219 3739 1398 3844 editores,
1424 3744 1534 3823 aliter
1556 3768 1649 3826 con.
1721 3794 1725 3799 .

70 3898 232 3997 jungere
271 3875 429 3976 contigit
467 3872 687 3969 hucusque,
733 3886 846 3962 quam
886 3853 1020 3939 ordine
1054 3858 1304 3942 elementari?
1377 3858 1521 3938 Exinde
1556 3886 1651 3947 vero
1761 3916 1764 3921 -

71 4011 222 4109 seriens
259 3990 454 4102 cujusdem
489 4009 622 4087 uranus
652 3974 891 4079 sedulitatem
932 3997 1152 4076 cognoscas.
1202 3972 1309 4059 Idem
1346 3975 1420 4160 ill}
1447 3976 1649 4089 Dionysius
1780 4060 1784 4068 ,
